% Encoding: UTF-8

@book{alpaydin2009introduction,
  title={Introduction to machine learning},
  author={Alpaydin, Ethem},
  year={2009},
  publisher={MIT press}
}

@misc{soccer-simulation,
  author = {Simspark Sourceforge},
  title = {{Soccer Simulation}},
  howpublished = "\url{http://simspark.sourceforge.net/wiki/index.php/Soccer_Simulation}",
  year = {2012}, 
  note = "[Online; acessado em 05-Janeiro-2019]"
}

@misc{robot-nao,
  author = {Wikipédia},
  title = {{RoboCup 3D Soccer Simulation League: Robot Models}},
  howpublished = "\url{https://en.wikipedia.org/wiki/RoboCup_3D_Soccer_Simulation_League}",
  year = {2017}, 
  note = "[Online; acessado em 05-Janeiro-2019]"
}

@misc{soccer3d-rules,
  author = {RoboCup},
  title = {{Rules for the 2018 Competition in Montreal, Canada}},
  howpublished = "\url{https://ssim.robocup.org/wp-content/uploads/2018/12/Rules_RoboCupSim3D2018.pdf}",
  year = {2018}, 
  note = "[Online; acessado em 10-Janeiro-2019]"
}

@misc{simspark,
  author = {Sourceforge},
  title = {{Simspark}},
  howpublished = "\url{http://simspark.sourceforge.net/}",
  note = "[Online; acessado em 15-Janeiro-2019]"
}

@misc{rcssserver3d,
  author = {RoboCup},
  title = {{The RoboCup Soccer Simulator}},
  howpublished = "\url{https://sourceforge.net/projects/sserver/}", 
  note = "[Online; acessado em 15-Janeiro-2019]"
}

@misc{magma-proxy,
  author = {Magma Offenburg},
  title = {{MagmaProxy}},
  howpublished = "\url{https://github.com/magmaOffenburg/magmaProxy}", 
  note = "[Online; acessado em 17-Janeiro-2019]"
}

@misc{roboviz,
  author = {Magma Offenburg},
  title = {{Roboviz}},
  howpublished = "\url{https://github.com/magmaOffenburg/RoboViz}", 
  note = "[Online; acessado em 20-Janeiro-2019]"
}

@article{soccer3d-tdp-2019,
  title={ITAndroids Soccer3D Team Description Paper 2019},
  author={ITAndroids},
  journal={RoboCup 2019},
  volume={2},
  pages={7},
  year={2019}
}


@misc{diff-ml,
  author = {Next View},
  title = {{What is machine learning with sap}},
  howpublished = "\url{https://www.nextview.nl/what-is-machine-learning-with-sap/}", 
  note = "[Online; acessado em 20-Fevereiro-2019]"
}

@inbook{decision_tree,
    author = {S. Russel and P. Norvig},
    title ={Artificial Intelligence: A Modern Approach},
    publisher = {Prentice Hall},
    year = {2009},
    volume  = {3},
    pages = {697-707},
    edition= {3}
}

@article{insall2001surgical,
  title={Surgical thechniques and instrumentation in Total Knee Arthroplasty},
  author={Insall, JN},
  journal={Surgery of the knee},
  volume={2},
  pages={1553--1620},
  year={2001}
}

@Misc{cbr2008,
  note = {http://www.cbrobotica. org/wp-content/uploads/2014/03/VerySmall2008\_en.pdf}
}

@Misc{ssl,
  note = {http://www.cbrobotica. org/wp-content/uploads/2014/03/VerySmall2008\_en.pdf}
}

@article{orozcomaquinas,
  title={M{\'a}quinas de Estados Finitos},
  author={Mateus Menezes Azevedo Coelho}
}

@article{tasinaffo_ic,
  title={Desenvolvimento de Visão Computacional do Robô Humanoide},
  author={Mateus Menezes Azevedo Coelho and Paulo Marcelo Tasinaffo},
  year=2016
}

@phdthesis{behavior_tree_robotics,
  author       = {Michele Colledanchise}, 
  title        = {Behavior Trees in Robotics},
  school       = {KTH Royal Institute of Technology},
  year         = 2016,
  month        = 2
}

@inproceedings{cox1988c++,
  title={C++ language support for guaranteed initialization, safe termination and error recovery in robotics},
  author={Cox, Ingemar J},
  booktitle={Robotics and Automation, 1988. Proceedings., 1988 IEEE International Conference on},
  pages={641--643},
  year={1988},
  organization={IEEE}
}

@mastersthesis{franzoni_rrt,
  author = {Igor Franzoni Okuyama},
  title =  {TRAJECTORY PLANNING CONSIDERING ACCELERATION LIMITS FOR AN AUTONOMOUS SOCCER PLAYER},
  school = {Instituto Tecnol\'{o}gico de Aeron\'{a}utica},
  year =   {2017},
  type =   {Trabalho de Gradua\c{c}\~{a}o}
}

@book{west2001introduction,
  title={Introduction to graph theory},
  author={West, Douglas Brent and others},
  volume={2},
  chapter = 2,
  year={2001},
  publisher={Prentice hall Upper Saddle River}
}

@book{egly2005decision,
  title={Decision making for MiroSOT soccer playing robots},
  author={Egly, Uwe and Novak, Gregor and Weber, Daniel},
  year={2005},
  publisher={na}
}

@article{delaunay34,
   author = "Boris Delaunay",
   title = "Sur la sph\'{e}re vide",
   year = "1934",
   journal = "Bulletin de l'Académie des Sciences de l'URSS",
   volume = 6,
   pages = {793-800} 
}

@article{voronoi08,
   author = "Georgy Voronoi",
   title = "Nouvelles applications des paramètres continus à la théorie des formes quadratiques",
   year = "1908",
   journal = "Journal für die Reine und Angewandte Mathematik",
   volume = 133,
   pages = {97-178} 
}

@misc{NEUIslanders_ssl,
  author       = {Rahib H. Abiyev and Şenol Bektas and Nurullah Akkaya and Ersin Aytac}, 
  title        = {NEUIslanders 2017 Team Description Paper },
  howpublished = {Robocup},
  year         = 2017,
}

@incollection{hunt2013gang,
  title={Gang of four design patterns},
  author={Hunt, John},
  booktitle={Scala Design Patterns},
  pages={135--136},
  year={2013},
  publisher={Springer}
}

@inproceedings{akiyama2007multi,
  title={Multi-agent positioning mechanism in the dynamic environment},
  author={Akiyama, Hidehisa and Noda, Itsuki},
  booktitle={Robot Soccer World Cup},
  pages={377--384},
  year={2007},
  organization={Springer}
}

@Misc{Qt,
  note = {https://www.qt.io/}
}