% Encoding: UTF-8

@article{PSO,
  title={Particle swarm optimization},
  author={Kennedy, James},
  journal={Encyclopedia of machine learning},
  pages={760--766},
  year={2010},
  publisher={Springer}
}

@article{genetico,
  title={Handbook of genetic algorithms},
  author={Davis, Lawrence},
  year={1991},
  publisher={CUMINCAD}
}

@inproceedings{CMA-ES-Soccer,
  title={On optimizing interdependent skills: A case study in simulated 3D humanoid robot soccer},
  author={Urieli, Daniel and MacAlpine, Patrick and Kalyanakrishnan, Shivaram and Bentor, Yinon and Stone, Peter},
  booktitle={The 10th International Conference on Autonomous Agents and Multiagent Systems-Volume 2},
  pages={769--776},
  year={2011},
  organization={International Foundation for Autonomous Agents and Multiagent Systems}
}

@article{CMA-ES,
  title={Completely derandomized self-adaptation in evolution strategies},
  author={Hansen, Nikolaus and Ostermeier, Andreas},
  journal={Evolutionary computation},
  volume={9},
  number={2},
  pages={159--195},
  year={2001},
  publisher={MIT Press}
}

@misc{matlab,
  title={CVX: Matlab software for disciplined convex programming},
  author={Grant, Michael and Boyd, Stephen and Ye, Yinyu},
  year={2008}
}

@Misc{cbr2008,
  note = {http://www.cbrobotica. org/wp-content/uploads/2014/03/VerySmall2008\_en.pdf}
}

@inproceedings{potential_fields,
  title={Potential field methods and their inherent limitations for mobile robot navigation},
  author={Koren, Yoram and Borenstein, Johann},
  booktitle={Robotics and Automation, 1991. Proceedings., 1991 IEEE International Conference on},
  pages={1398--1404},
  year={1991},
  organization={IEEE}
}

@inproceedings{univector,
  title={Evolutionary univector field-based navigation with collision avoidance for mobile Robot},
  author={Lim, YS and Choi, Seung-Hwan and Kim, Jong-Hwan and Kim, Dong-Han},
  booktitle={Proc. 17th World Congress The International Federation of Automatic Control, Seoul, Korea (July 2008)},
  year={2008}
}

@inproceedings{small_vision,
  title={SSL-vision: The shared vision system for the RoboCup Small Size League},
  author={Zickler, Stefan and Laue, Tim and Birbach, Oliver and Wongphati, Mahisorn and Veloso, Manuela},
  booktitle={Robot Soccer World Cup},
  pages={425--436},
  year={2009},
  organization={Springer}
}


@inproceedings{ODE,
  title={Odeint--solving ordinary differential equations in C++},
  author={Ahnert, Karsten and Mulansky, Mario},
  booktitle={AIP Conference Proceedings},
  volume={1389},
  number={1},
  pages={1586--1589},
  year={2011},
  organization={AIP}
}

@book{Ogre,
  title={OGRE 3D 1.7 Beginner's Guide},
  author={Kerger, Felix},
  year={2010},
  publisher={Packt Publishing Ltd}
}

@Misc{protobuf,
  note = {https://developers.google.com/protocol-buffers/docs/cpptutorial}
}